
@Manual{xpathspec,
title = {{XML} Path Language ({XP}ath)},
organization = {W3C},
edition = {1.0},
month = {November},
year = {1999}
}

@Manual{xmlspec,
title = {Extensible Markup Language ({XML}) 1.0},
organization = {W3C},
edition = {4.0},
month = {September},
year = {2006}
}

@Manual{parsec,
title = {Parsec, a fast combinator parser},
AUTHOR = {Daan Leijen},
organization = {University of Utrecht},
month = {October},
year = {2001}
}



@article{1071614,
 author = {Georg Gottlob and Christoph Koch and Reinhard Pichler},
 title = {Efficient algorithms for processing {XP}ath queries},
 journal = {ACM Trans. Database Syst.},
 volume = {30},
 number = {2},
 year = {2005},
 issn = {0362-5915},
 pages = {444--491},
 doi = {http://doi.acm.org/10.1145/1071610.1071614},
 publisher = {ACM},
 address = {New York, NY, USA},
 }

@inproceedings{1316696,
 author = {Keishi Tajima and Yoshiki Fukui},
 title = {Answering {XP}ath queries over networks by sending minimal views},
 booktitle = {VLDB '04: Proceedings of the Thirtieth international conference on Very large data bases},
 year = {2004},
 isbn = {0-12-088469-0},
 pages = {48--59},
 location = {Toronto, Canada},
 publisher = {VLDB Endowment},
 }




@inproceedings{scardina:building,
author = {Mark Scardina and Jinyu Wang},
title = {Building an {XP}ath-powered Framework for {XML} data processing},
 booktitle = {XML 2004 Proceedings},
 year = {2004},
 location = {Washington, D.C.},
 }



@MastersThesis{schmidt:design,
	AUTHOR = "Martin Schmidt",
	TITLE = "Design and Implementation of a validating XML parser in Haskell",
	SCHOOL = "University of Applied Sciences Wendel",
	MONTH = "February",
	YEAR = {2002}}






@TechReport{xpathtokenizer,
title = {Building a Tokenizer for {XP}ath or {XQ}uery},
institution = {W3C},
author = {Scott Boag},
month = {April},
year = {2005}
note={/url{http://www.w3.org/TR/xquery-xpath-parsing/}
}

@ARTICLE{benedikt:structural,
	AUTHOR = "Michael Benedikt, Wenfei Fan and Gabriel Kuper",
	TITLE = "Structural properties of {XP}ath fragments",
	JOURNAL = "Theoretical Computer Science",
	VOLUME = {336},
	NUMBER = {1},
	PAGES = {3-31},
	MONTH = "May",
	YEAR = {2005}
}

@article{marx:semantic,
 author = {Maarten Marx and Maarten de Rijke},
 title = {Semantic characterizations of navigational {XP}ath},
 journal = {SIGMOD Rec.},
 volume = {34},
 number = {2},
 year = {2005},
 issn = {0163-5808},
 pages = {41--46},
 doi = {http://doi.acm.org/10.1145/1083784.1083792},
 publisher = {ACM},
 address = {New York, NY, USA},
 }


@inproceedings{koch:processing,
 author = {Christoph Koch},
 title = {Processing queries on tree-structured data efficiently},
 booktitle = {PODS '06: Proceedings of the twenty-fifth {ACM SIGMOD-SIGACT-SIGART} symposium on Principles of database systems},
 year = {2006},
 isbn = {1-59593-318-2},
 pages = {213--224},
 location = {Chicago, IL, USA},
 doi = {http://doi.acm.org/10.1145/1142351.1142382},
 publisher = {ACM},
 address = {New York, NY, USA},
 }

@ARTICLE{chen:indexing,
	AUTHOR = "Qun Chen, Andrew Lim, {Kian Win} Ong and Jiqing Tang",
	TITLE = "Indexing {XML} documents for {XP}ath query processing in external memory",
	JOURNAL = "Data \& Knowledge Engineering",
	VOLUME = {59},
	NUMBER = {3},
	PAGES = {681-699},
	MONTH = "Decemeber",
	YEAR = {2006}}

@inproceedings{gottlob:complexity,
 author = {Georg Gottlob and Christoph Koch and Reinhard Pichler},
 title = {The complexity of {XP}ath query evaluation},
 booktitle = {PODS '03: Proceedings of the twenty-second ACM SIGMOD-SIGACT-SIGART symposium on Principles of database systems},
 year = {2003},
 isbn = {1-58113-670-6},
 pages = {179--190},
 location = {San Diego, California},
 doi = {http://doi.acm.org/10.1145/773153.773171},
 publisher = {ACM},
 address = {New York, NY, USA},
 }

@inproceedings{huang:prefiltering,
 author = {Chia-Hsin Huang and Tyng-Ruey Chuang and Hahn-Ming Lee},
 title = {Prefiltering techniques for efficient {XML} document processing},
 booktitle = {DocEng '05: Proceedings of the 2005 {ACM} symposium on Document engineering},
 year = {2005},
 isbn = {1-59593-240-2},
 pages = {149--158},
 location = {Bristol, United Kingdom},
 doi = {http://doi.acm.org/10.1145/1096601.1096641},
 publisher = {ACM},
 address = {New York, NY, USA},
 }
@ARTICLE{groppe:filtering,
	AUTHOR = "Jinghua Groppe and Sven Groppe",
	TITLE = "Filtering unsatisfiable {XP}ath queries",
	JOURNAL = "Data I\& Knowledge Engineering",
	VOLUME = {64},
	NUMBER = {1},
	PAGES = {134-169},
	MONTH = "January",
	YEAR = {2008}	}

@article{geneve:static,
 author = {Pierre Genev\`{e}s and Nabil Laya\"{\i}da},
 title = {A system for the static analysis of {XP}ath},
 journal = {ACM Trans. Inf. Syst.},
 volume = {24},
 number = {4},
 year = {2006},
 issn = {1046-8188},
 pages = {475--502},
 doi = {http://doi.acm.org/10.1145/1185877.1185882},
 publisher = {ACM},
 address = {New York, NY, USA},
 }

@inproceedings{benedikt:satisfiability,
 author = {Michael Benedikt and Wenfei Fan and Floris Geerts},
 title = {{XP}ath satisfiability in the presence of {DTD}s},
 booktitle = {PODS '05: Proceedings of the twenty-fourth ACM SIGMOD-SIGACT-SIGART symposium on Principles of database systems},
 year = {2005},
 isbn = {1-59593-062-0},
 pages = {25--36},
 location = {Baltimore, Maryland},
 doi = {http://doi.acm.org/10.1145/1065167.1065172},
 publisher = {ACM},
 address = {New York, NY, USA},
 }

@ARTICLE{barton:streaming,
title={Streaming {XP}ath processing with forward and backward axes},
author={Barton, C. and Charles, P. and Deepak Goyal and Mukund Raghavachari and Fontoura, M. and Josifovski, V.},
journal={Data Engineering, 2003. Proceedings. 19th International Conference on},
year={5-8 March 2003},
volume={},
number={},
pages={ 455-466},
keywords={ XML, tree data structures, tree searching X-tree, XML document-order traversal, XPath expressions, XPath processing, backward axes, forward axes, streaming algorithm, traditional XPath engine, tree based representation},
doi={},
ISSN={ }, }

@misc{HAppS,
	month = "April",
	year = {2008},
	title = "{HAppS} -- The Haskell Application Server",
	author = "{HAppS LLC}",
	note={\url{http://www.happs.org/}}
}

@misc{WASH,
	month = "April",
	year = {2008},
	title = "Web Authoring System Haskell {(WASH)}",
	author = "Peter Thiemann",
	note={\url{http://www.informatik.uni-freiburg.de/~thiemann/haskell/WASH/}}
}

@misc{jquery,
	month = "April",
	year = {2008},
	title = "{jQ}uery; The Write Less, Do More, JavaScript Library",
	author = "John Resig",
	note={\url{http://jquery.com/}}
}

@misc{jquery,
	month = "April",
	year = {2008},
	title = "{jQ}uery; The Write Less, Do More, JavaScript Library",
	author = "John Resig",
	note={\url{http://4umi.com/web/javascript/mouseposition.php} }
}

@misc{org03,
	month = "April",
	year = {2008},
	title = "Dutch Cabinet",
	author = "R.P. Bouman",
	note={\url{http://xcdsql.org/Misc/orgchart/03/OrgChart.html} }
}
@misc{org02,
	month = "April",
	year = {2008},
	title = "{HTML} Organization Chart",
	author = "R.P. Bouman",
	note={\url{http://xcdsql.org/Misc/orgchart/02/orgchart.html} }
}
@Misc{regex,
	year = {2008},
	title = "txt2re: headache relief for programmers :: regular expression generator",
	note={\url{http://www.txt2re.com/?s=29:Mar:2008\%20\%22This\%20is\%20an\%20Example!\%22&-19} }
}


@Misc{futurelab,
	title = "XPath Expression Demo Application",
	author = {futureLAB AG},
	note={\url{http://www.futurelab.ch/xmlkurs/xpath.en.html} }
}
@Misc{whitebeam,
	title = "XPath Expression testbed",
	author = "Peter Wilson",
	note={\url{http://www.whitebeam.org/library/guide/TechNotes/xpathtestbed.rhtm} }
}
@Misc{wwbkb,
	title = "{WWBKB} Demo of style changes with XML and XSLT",
	author = "Jean-Marc Vanel",
	year = {2000}
	note={\url{http://wwbota.free.fr/Samples/DisplayDescriptions/speciesGUI.htm} }
}

 @misc{xml1,
	month = "April",
	year = {2008},
	title = "Schematron XML Sample Documents",
	author = {Mulberry Technologies},
	note={\url{http://www.mulberrytech.com/papers/schematron-xml2004-hrefs.html} }
}
 @misc{xml2,
	month = "April",
	year = {2008},
	title = "{XML} Examples",
	author = {Refness Data},
	note={\url{http://www.w3schools.com/XML/xml_examples.asp} }
}
 @misc{xml3,
	month = "April",
	year = {2008},
	title = "Sample {XML} File (books.xml)",
	author = {Mulberry Technologies},
	note={ \url{http://msdn2.microsoft.com/en-us/library/ms762271(VS.85).aspx} }
}



@article{tenCate:math,
 author = {Balder ten Cate and Maarten Marx},
 title = {Navigational {XP}ath: calculus and algebra},
 journal = {SIGMOD Rec.},
 volume = {36},
 number = {2},
 year = {2007},
 issn = {0163-5808},
 pages = {19--26},
 doi = {http://doi.acm.org/10.1145/1328854.1328858},
 publisher = {ACM},
 address = {New York, NY, USA},
 }

@article{marx:conditional,
 author = {Maarten Marx},
 title = {Conditional {XP}ath},
 journal = {ACM Trans. Database Syst.},
 volume = {30},
 number = {4},
 year = {2005},
 issn = {0362-5915},
 pages = {929--959},
 doi = {http://doi.acm.org/10.1145/1114244.1114247},
 publisher = {ACM},
 address = {New York, NY, USA},
 }

@inproceedings{marx:conditional:complete,
 author = {Maarten Marx},
 title = {Conditional {XP}ath, the first order complete {XP}ath dialect},
 booktitle = {PODS '04: Proceedings of the twenty-third ACM SIGMOD-SIGACT-SIGART symposium on Principles of database systems},
 year = {2004},
 isbn = {158113858X},
 pages = {13--22},
 location = {Paris, France},
 doi = {http://doi.acm.org/10.1145/1055558.1055562},
 publisher = {ACM},
 address = {New York, NY, USA},
 }

@ARTICLE{madria:efficient,
	AUTHOR = "Sanjay Madria, Yan Chen, Kalpdrum Passi and Sourav Bhowmick",
	TITLE = "Efficient processing of {XP}ath queries using indexes",
	JOURNAL = "Information Systems",
	VOLUME = {32},
	NUMBER = {1},
	PAGES = {134-169},
	MONTH = "March",
	YEAR = {2007}}

